%% This BibTeX bibliography file was created using BibDesk.
%% https://bibdesk.sourceforge.io/

%% Created for Lara McDonald at 2022-03-17 13:51:55 +0100 


%% Saved with string encoding Unicode (UTF-8) 



@article{goodfellow2014generative,
	Author = {Goodfellow, Ian and Pouget-Abadie, Jean and Mirza, Mehdi and Xu, Bing and Warde-Farley, David and Ozair, Sherjil and Courville, Aaron and Bengio, Yoshua},
	Date-Added = {2022-03-17 13:42:12 +0100},
	Date-Modified = {2022-03-17 13:50:43 +0100},
	Journal = {Advances in neural information processing systems},
	Title = {Generative Adversarial Nets},
	Volume = {27},
	Year = {2014}}

@article{gan2vec,
	Author = {Akshay Budhkar and Krishnapriya Vishnubhotla and Safwan Hossain and Frank Rudzicz},
	Bibsource = {dblp computer science bibliography, https://dblp.org},
	Biburl = {https://dblp.org/rec/journals/corr/abs-1904-02293.bib},
	Date-Added = {2022-03-15 14:58:04 +0100},
	Date-Modified = {2022-03-15 14:59:00 +0100},
	Eprint = {1904.02293},
	Eprinttype = {arXiv},
	Journal = {CoRR},
	Timestamp = {Wed, 24 Apr 2019 12:21:25 +0200},
	Title = {Generative Adversarial Networks for text using word2vec intermediaries},
	Url = {http://arxiv.org/abs/1904.02293},
	Volume = {abs/1904.02293},
	Year = {2019},
	Bdsk-Url-1 = {http://arxiv.org/abs/1904.02293}}

@article{yuan2020,
	Author = {Chenhan Yuan and Yi{-}Chin Huang and Cheng{-}Hung Tsai},
	Bibsource = {dblp computer science bibliography, https://dblp.org},
	Biburl = {https://dblp.org/rec/journals/corr/abs-2006-12005.bib},
	Date-Added = {2022-03-15 14:57:21 +0100},
	Date-Modified = {2022-03-15 14:59:10 +0100},
	Eprint = {2006.12005},
	Eprinttype = {arXiv},
	Journal = {CoRR},
	Timestamp = {Tue, 23 Jun 2020 17:57:22 +0200},
	Title = {Efficient text generation of user-defined topic using generative adversarial networks},
	Url = {https://arxiv.org/abs/2006.12005},
	Volume = {abs/2006.12005},
	Year = {2020},
	Bdsk-Url-1 = {https://arxiv.org/abs/2006.12005}}

@article{rajeswar2017,
	Author = {Sai Rajeswar and Sandeep Subramanian and Francis Dutil and Christopher Joseph Pal and Aaron C. Courville},
	Bibsource = {dblp computer science bibliography, https://dblp.org},
	Biburl = {https://dblp.org/rec/journals/corr/RajeswarSDPC17.bib},
	Date-Added = {2022-03-15 14:56:58 +0100},
	Date-Modified = {2022-03-15 14:59:20 +0100},
	Eprint = {1705.10929},
	Eprinttype = {arXiv},
	Journal = {CoRR},
	Timestamp = {Mon, 13 Aug 2018 16:46:15 +0200},
	Title = {Adversarial Generation of Natural Language},
	Url = {http://arxiv.org/abs/1705.10929},
	Volume = {abs/1705.10929},
	Year = {2017},
	Bdsk-Url-1 = {http://arxiv.org/abs/1705.10929}}

@mastersthesis{Wang2019,
	Author = {Zesen Wang},
	Date-Added = {2022-03-15 14:16:18 +0100},
	Date-Modified = {2022-03-15 14:58:31 +0100},
	Title = {Generative Adversarial Networks in Text Generation},
	Year = {2019}}

@inproceedings{zhang2017adversarial,
	Author = {Zhang, Yizhe and Gan, Zhe and Fan, Kai and Chen, Zhi and Henao, Ricardo and Shen, Dinghan and Carin, Lawrence},
	Booktitle = {International Conference on Machine Learning},
	Organization = {PMLR},
	Pages = {4006--4015},
	Title = {Adversarial feature matching for text generation},
	Year = {2017}}

@inproceedings{guo2018long,
	Author = {Guo, Jiaxian and Lu, Sidi and Cai, Han and Zhang, Weinan and Yu, Yong and Wang, Jun},
	Booktitle = {Proceedings of the AAAI Conference on Artificial Intelligence},
	Number = {1},
	Title = {Long text generation via adversarial training with leaked information},
	Volume = {32},
	Year = {2018}}

@article{li2018generative,
	Author = {Li, Yang and Pan, Quan and Wang, Suhang and Yang, Tao and Cambria, Erik},
	Journal = {Information Sciences},
	Pages = {301--315},
	Publisher = {Elsevier},
	Title = {A generative model for category text generation},
	Volume = {450},
	Year = {2018}}

@article{latextgan,
	Author = {Donahue, David and Rumshisky, Anna},
	Journal = {arXiv preprint arXiv:1810.06640},
	Title = {Adversarial text generation without reinforcement learning},
	Year = {2018}}

@inproceedings{goodfellow2018,
  doi = {10.48550/ARXIV.1606.03498},
  Title = {Improved Techniques for Training GANs},
  url = {https://arxiv.org/abs/1606.03498},
  author = {Salimans, Tim and Goodfellow, Ian and Zaremba, Wojciech and Cheung, Vicki and Radford, Alec and Chen, Xi},
  keywords = {Machine Learning (cs.LG), Computer Vision and Pattern Recognition (cs.CV), Neural and Evolutionary Computing (cs.NE), FOS: Computer and information sciences, FOS: Computer and information sciences}}
  
 @InProceedings{maas-EtAl:2011:ACL-HLT2011,
  author    = {Maas, Andrew L.  and  Daly, Raymond E.  and  Pham, Peter T.  and  Huang, Dan  and  Ng, Andrew Y.  and  Potts, Christopher},
  title     = {Learning Word Vectors for Sentiment Analysis},
  booktitle = {Proceedings of the 49th Annual Meeting of the Association for Computational Linguistics: Human Language Technologies},
  month     = {June},
  year      = {2011},
  address   = {Portland, Oregon, USA},
  publisher = {Association for Computational Linguistics},
  pages     = {142--150},
  url       = {http://www.aclweb.org/anthology/P11-1015}
}

@misc{wgans,
  doi = {10.48550/ARXIV.1701.07875},
  url = {https://arxiv.org/abs/1701.07875},
  author = {Arjovsky, Martin and Chintala, Soumith and Bottou, LÃ©on},
  keywords = {Machine Learning (stat.ML), Machine Learning (cs.LG), FOS: Computer and information sciences, FOS: Computer and information sciences},
  title = {Wasserstein GAN},
  publisher = {arXiv},
  year = {2017},
  copyright = {arXiv.org perpetual, non-exclusive license}
}

@misc{cgans,
  doi = {10.48550/ARXIV.1411.1784},
  url = {https://arxiv.org/abs/1411.1784},
  author = {Mirza, Mehdi and Osindero, Simon},
  keywords = {Machine Learning (cs.LG), Artificial Intelligence (cs.AI), Computer Vision and Pattern Recognition (cs.CV), Machine Learning (stat.ML), FOS: Computer and information sciences, FOS: Computer and information sciences},
  title = {Conditional Generative Adversarial Nets},
  publisher = {arXiv},
  year = {2014},
  copyright = {arXiv.org perpetual, non-exclusive license}
}

@misc{seqgan,
  doi = {10.48550/ARXIV.1609.05473},
  url = {https://arxiv.org/abs/1609.05473},
  author = {Yu, Lantao and Zhang, Weinan and Wang, Jun and Yu, Yong},
  keywords = {Machine Learning (cs.LG), Artificial Intelligence (cs.AI), FOS: Computer and information sciences, FOS: Computer and information sciences},
  title = {SeqGAN: Sequence Generative Adversarial Nets with Policy Gradient},
  publisher = {arXiv},
  year = {2016},
  copyright = {Creative Commons Attribution Share Alike 4.0 International}
}

@article{tevet2018evaluating,
  title={Evaluating text gans as language models},
  author={Tevet, Guy and Habib, Gavriel and Shwartz, Vered and Berant, Jonathan},
  journal={arXiv preprint arXiv:1810.12686},
  year={2018}
}
\\
@article{comparison,
author = {Iqbal, Touseef and Qureshi, Shaima},
year = {2020},
month = {04},
pages = {},
title = {The Survey: Text Generation Models in Deep Learning.},
journal = {Journal of King Saud University - Computer and Information Sciences},
doi = {10.1016/j.jksuci.2020.04.001}
}

@inproceedings{shang-etal-2015-neural,
    title = "Neural Responding Machine for Short-Text Conversation",
    author = "Shang, Lifeng  and
      Lu, Zhengdong  and
      Li, Hang",
    booktitle = "Proceedings of the 53rd Annual Meeting of the Association for Computational Linguistics and the 7th International Joint Conference on Natural Language Processing (Volume 1: Long Papers)",
    month = jul,
    year = "2015",
    address = "Beijing, China",
    publisher = "Association for Computational Linguistics",
    url = "https://aclanthology.org/P15-1152",
    doi = "10.3115/v1/P15-1152",
    pages = "1577--1586",
}

@INPROCEEDINGS{vaes,

  author={Oussidi, Achraf and Elhassouny, Azeddine},
  booktitle={2018 International Conference on Intelligent Systems and Computer Vision (ISCV)}, 
  title={Deep generative models: Survey}, 
  year={2018},
  volume={},
  number={},
  pages={1-8},
  doi={10.1109/ISACV.2018.8354080}}
